<?xml version="1.0" encoding="utf-8"?>
<record xmlns="http://www.loc.gov/MARC21/slim" xmlns:xsi="http://www.w3.org/2001/XMLSchema-instance" xsi:schemaLocation="http://www.loc.gov/MARC21/slim http://www.loc.gov/standards/marcxml/schema/MARC21slim.xsd">
	<leader>     nam a22     Mi 4500</leader>
	<controlfield tag="001">b12484520</controlfield>
	<controlfield tag="003">LeBAU</controlfield>
	<controlfield tag="006">m        d        </controlfield>
	<controlfield tag="007">cr cn |||m|||a</controlfield>
	<controlfield tag="008">181009s1941    ua      o     ||0 0 ara d</controlfield>
	<datafield ind1=" " ind2=" " tag="040">
		<subfield code="a">ZYU</subfield>
		<subfield code="b">ara</subfield>
		<subfield code="e">rda</subfield>
		<subfield code="c">ZYU</subfield>
	</datafield>
	<datafield ind1=" " ind2="4" tag="050">
		<subfield code="a">QA21</subfield>
		<subfield code="b">.T9 1941 </subfield>
	</datafield>
	<datafield ind1="0" ind2="4" tag="082">
		<subfield code="a">510.953</subfield>
		<subfield code="2">20</subfield>
	</datafield>
	<datafield ind1="1" ind2=" " tag="100">
		<subfield code="6">880-01</subfield>
		<subfield code="a">Ṭūqān, Qadrī Ḥāfiẓ,</subfield>
		<subfield code="d">1910-1971,</subfield>
		<subfield code="e">author.</subfield>
	</datafield>
	<datafield ind1="1" ind2="0" tag="245">
		<subfield code="6">880-02</subfield>
		<subfield code="a">Turā‎th al-ʻArab al-ʻilmī fī al-riyā‎ḍīyā‎t wa-al-falak :</subfield>
		<subfield code="b">yabḥathu fī athar al-‘Arab fī taqaddum al-riyāḍīyāt wa-al-falak wa-siyar aʻlām riyāḍīyīhim wa-kibār falakīyīhim /</subfield>
		<subfield code="c">ta’līf Qadrī Ḥā‎fiẓ Ṭūqā‎n, ‘uḍw al-Jam‘iyah al-Malakīyak al-Āsiyawīyah bi-Landan, ‘uḍw Jam‘īyat al-‘Ulūm al-Riyāḍīyah fī Inkiltrā wa-Amīrkā, ‘uḍw Majlis al-Ta‘līm al-‘Ālī fī Filasṭīn, musā‘id mudīr Kulliyat al-Najāḥ bi-Nāblis wa-ustādh al-riyāḍīyāt fīhā.</subfield>
	</datafield>
	<datafield ind1=" " ind2=" " tag="250">
		<subfield code="6">880-03</subfield>
		<subfield code="a">al-Ṭab‘ah al-ūlá.</subfield>
	</datafield>
	<datafield ind1=" " ind2="1" tag="264">
		<subfield code="6">880-04</subfield>
		<subfield code="a">[Miṣr] :</subfield>
		<subfield code="b">[Maṭba‎‘‎at al-Muqtaṭaf],</subfield>
		<subfield code="c">1360 H. = 1941 M.</subfield>
	</datafield>
	<datafield ind1=" " ind2=" " tag="300">
		<subfield code="6">880-05</subfield>
		<subfield code="a">online resource (267 pages)</subfield>
	</datafield>
	<datafield ind1=" " ind2=" " tag="336">
		<subfield code="a">text</subfield>
		<subfield code="2">rdacontent</subfield>
	</datafield>
	<datafield ind1=" " ind2=" " tag="337">
		<subfield code="a">computer</subfield>
		<subfield code="2">rdamedia</subfield>
	</datafield>
	<datafield ind1=" " ind2=" " tag="338">
		<subfield code="a">online resource</subfield>
		<subfield code="2">rdacarrier</subfield>
	</datafield>
	<datafield ind1=" " ind2=" " tag="500">
		<subfield code="a">Part of the Arabic Collections Online (ACO) project, contributed by American University of Beirut's Jafet Memorial Library.</subfield>
	</datafield>
	<datafield ind1=" " ind2=" " tag="533">
		<subfield code="a">Electronic reproduction.</subfield>
		<subfield code="b">New York, N.Y. :</subfield>
		<subfield code="c">New York University,</subfield>
		<subfield code="d">2018.</subfield>
		<subfield code="5">NNU</subfield>
	</datafield>
	<datafield ind1=" " ind2="0" tag="650">
		<subfield code="6">880-06</subfield>
		<subfield code="a">Mathematics, Arab</subfield>
		<subfield code="x">History.</subfield>
	</datafield>
	<datafield ind1=" " ind2="0" tag="650">
		<subfield code="6">880-07</subfield>
		<subfield code="a">Astronomy, Arab</subfield>
		<subfield code="x">History.</subfield>
	</datafield>
	<datafield ind1=" " ind2="0" tag="650">
		<subfield code="6">880-08</subfield>
		<subfield code="a">Scientists</subfield>
		<subfield code="z">Arab countries.</subfield>
	</datafield>
	<datafield ind1=" " ind2="0" tag="650">
		<subfield code="6">880-09</subfield>
		<subfield code="a">Science, Medieval</subfield>
		<subfield code="v">Bio-bibliography</subfield>
	</datafield>
	<datafield ind1="2" ind2=" " tag="710">
		<subfield code="a">Jafet Memorial Library.</subfield>
	</datafield>
	<datafield ind1="0" ind2=" " tag="730">
		<subfield code="a">Arabic Collections Online.</subfield>
	</datafield>
	<datafield ind1="0" ind2=" " tag="775">
		<subfield code="6">880-10</subfield>
		<subfield code="i">has designation of edition</subfield>
		<subfield code="4">http://rdaregistry.info/Elements/m/P30133</subfield>
		<subfield code="t">Turā‎th al-ʻArab al-ʻilmī fī al-riyā‎ḍīyā‎t wa-al-falak : yabḥathu fī athar al-‘Arab fī taqaddum al-riyāḍīyāt wa-al-falak wa-siyar aʻlām riyāḍīyīhim wa-kibār falakīyīhim.</subfield>
		<subfield code="b">al-Ṭab‘ah al-thānīyah, mazīdah wa-munaqqaḥa.</subfield>
		<subfield code="d">al-Qāhirah : Maṭba‘at Lajnat al-Taʼlīf wa-al-Tarjamah wa-al-Nashr, 1374 H. = 1954 M.</subfield>
		<subfield code="w">(OCoLC)784341218</subfield>
		<subfield code="w">(OCoLC)784341218</subfield>
	</datafield>
	<datafield ind1="0" ind2="8" tag="776">
		<subfield code="i">Print version:</subfield>
		<subfield code="a">Ṭūqān, Qadrī Ḥāfiẓ, 1910-1971, author.</subfield>
		<subfield code="t">Turā‎th al-ʻArab al-ʻilmī fī al-riyā‎ḍīyā‎t wa-al-falak</subfield>
		<subfield code="w">(LeBAU)b12484520</subfield>
	</datafield>
	<datafield ind1="4" ind2="0" tag="856">
		<subfield code="u">http://hdl.handle.net/2333.1/tx95xdms</subfield>
	</datafield>
	<datafield ind1="1" ind2=" " tag="880">
		<subfield code="6">100-01</subfield>
		<subfield code="a">طوقان، قدري حافظ،</subfield>
		<subfield code="d">1910-1971،</subfield>
		<subfield code="e">مؤلف.</subfield>
		<subfield code="4">aut.</subfield>
	</datafield>
	<datafield ind1="1" ind2="0" tag="880">
		<subfield code="6">245-02</subfield>
		<subfield code="a">تراث العرب العلمي في الرياضيات والفلك :</subfield>
		<subfield code="b">يبحث في أثر العرب في تقدم الرياضيات والفلك وسير أعلام رياضييهم وكبار فلكييهم /</subfield>
		<subfield code="c">تأليف قدري حافظ طوقان، عضوالجمعية الملكية الآسيوية بلندن، عضو جمعيات العلوم الرياضية في إنكلترا وأميركا، عضو مجلس التعليم العالي في فلسطين، مساعد مدير كلية النجاح بنابلس وأستاذ الرياضيات فيها.</subfield>
	</datafield>
	<datafield ind1=" " ind2=" " tag="880">
		<subfield code="6">250-03</subfield>
		<subfield code="a">الطبعة الأولى.</subfield>
	</datafield>
	<datafield ind1=" " ind2="1" tag="880">
		<subfield code="6">264-04</subfield>
		<subfield code="a">[مصر] :</subfield>
		<subfield code="b">[مطبعة المقتطف]،</subfield>
		<subfield code="c">1360 هـ. = 1941 م.</subfield>
	</datafield>
	<datafield ind1=" " ind2=" " tag="880">
		<subfield code="6">300-05</subfield>
		<subfield code="a">267 صفحة ؛</subfield>
		<subfield code="c">24 سم</subfield>
	</datafield>
	<datafield ind1=" " ind2=" " tag="880">
		<subfield code="6">500-00</subfield>
		<subfield code="a">&quot;هدية المقتطف السنوية.&quot;</subfield>
	</datafield>
	<datafield ind1=" " ind2=" " tag="880">
		<subfield code="6">504-00</subfield>
		<subfield code="a">يتضمن مراجع ببليوغرافية (صفحات 255-257)</subfield>
	</datafield>
	<datafield ind1=" " ind2="4" tag="880">
		<subfield code="6">650-06</subfield>
		<subfield code="a">الرياضيات عند العرب</subfield>
		<subfield code="x">تاريخ.</subfield>
	</datafield>
	<datafield ind1=" " ind2="4" tag="880">
		<subfield code="6">650-07</subfield>
		<subfield code="a">علم الفلك العربي</subfield>
		<subfield code="x">تاريخ.</subfield>
	</datafield>
	<datafield ind1=" " ind2="4" tag="880">
		<subfield code="6">650-08</subfield>
		<subfield code="a">العلماء</subfield>
		<subfield code="z">البلدان العربية.</subfield>
	</datafield>
	<datafield ind1=" " ind2="0" tag="880">
		<subfield code="6">650-09</subfield>
		<subfield code="a">العلوم في القرون الوسطى</subfield>
		<subfield code="v">بيوببليوغرافيا.</subfield>
	</datafield>
	<datafield ind1="0" ind2=" " tag="880">
		<subfield code="6">775-10</subfield>
		<subfield code="i">دلالة على الطبعة</subfield>
		<subfield code="4">http://rdaregistry.info/Elements/m/P30133</subfield>
		<subfield code="t">تراث العرب العلمي في الرياضيات والفلك : يبحث في أثر العرب في تقدم الرياضيات والفلك وسير أعلام رياضييهم وكبار فلكييهم.</subfield>
		<subfield code="b">الطبعة الثانية، مزيدة ومنقحة.</subfield>
		<subfield code="d">القاهرة : مطبعة لجنة التأليف والترجمة والنشر، 1374 هـ. = 1954 م.</subfield>
		<subfield code="w">b12484532</subfield>
		<subfield code="w">(OCoLC)784341218</subfield>
	</datafield>
	<datafield ind1=" " ind2=" " tag="959">
		<subfield code="a">NNU</subfield>
		<subfield code="b">WEB</subfield>
		<subfield code="c">GENI</subfield>
		<subfield code="t">0</subfield>
		<subfield code="m">Electronic access</subfield>
		<subfield code="s">01</subfield>
	</datafield>
	<datafield ind1=" " ind2=" " tag="999">
		<subfield code="i">LeBAU_b12484520</subfield>
		<subfield code="s">aub_aco002031</subfield>
		<subfield code="e">(ERROR-MISC)</subfield>
		<subfield code="s">aub_aco002031</subfield>
	</datafield>
</record>
